<?xml version="1.0" encoding="UTF-8"?><Document xmlns="urn:iso:std:iso:20022:tech:xsd:pain.001.001.03DB" xmlns:xsi="http://www.w3.org/2001/XMLSchema-instance"><CstmrCdtTrfInitn><GrpHdr><MsgId>0fIB5Oja7jw9yxzAgecG00</MsgId><CreDtTm>2023-07-21T10:09:55</CreDtTm><NbOfTxs>1</NbOfTxs><CtrlSum>1664.00</CtrlSum><InitgPty><Nm>CMOC KISANFU MINING SARL</Nm></InitgPty><DltPrvtData><FlwInd>HOMOLOGATION</FlwInd><DltPrvtDataDtl><PrvtDtInf>CMOC</PrvtDtInf><Tp><CdOrPrtry><Cd>CHANNEL</Cd></CdOrPrtry></Tp></DltPrvtDataDtl></DltPrvtData></GrpHdr><PmtInf><PmtInfId>0000021912</PmtInfId><PmtMtd>TRF</PmtMtd><BtchBookg>0</BtchBookg><NbOfTxs>1</NbOfTxs><CtrlSum>1664.00</CtrlSum><DltPrvtData><OrdrPrties><Tp>IMM</Tp><Md>CREATE</Md></OrdrPrties></DltPrvtData><PmtTpInf><InstrPrty>NORM</InstrPrty><SvcLvl><Prtry>INTERNAL</Prtry></SvcLvl></PmtTpInf><ReqdExctnDt>2023-07-18</ReqdExctnDt><Dbtr><Nm>CMOC KISANFU MINING SARL</Nm><CtryOfRes>CD</CtryOfRes></Dbtr><DbtrAcct><Id><Othr><Id>01078841701</Id><SchmeNm><Prtry>BKCOM_ACCOUNT</Prtry></SchmeNm></Othr></Id><Ccy>USD</Ccy></DbtrAcct><DbtrAgt><FinInstnId><BIC>RAWBCDKI</BIC><Othr><Id>05100</Id></Othr></FinInstnId><BrnchId><Id>05137</Id></BrnchId></DbtrAgt><CdtTrfTxInf><PmtId><InstrId>100000108453</InstrId><EndToEndId>0fIB5Oja7jw9yxzAgecG00000001</EndToEndId></PmtId><Amt><InstdAmt Ccy="USD">1664.00</InstdAmt></Amt><CdtrAgt><FinInstnId><BIC>RAWBCDKI</BIC><Othr><Id>05137</Id></Othr></FinInstnId><BrnchId><Id>00190</Id></BrnchId></CdtrAgt><Cdtr><Nm>HU JIANWEI</Nm></Cdtr><CdtrAcct><Id><Othr><Id>18780129</Id><SchmeNm><Prtry>BKCOM_ACCOUNT</Prtry></SchmeNm></Othr></Id><Ccy>USD</Ccy></CdtrAcct><RmtInf><Ustrd>remboursement</Ustrd></RmtInf></CdtTrfTxInf></PmtInf></CstmrCdtTrfInitn></Document>