<?xml version="1.0" encoding="UTF-8"?>
<Document xmlns:xsi="http://www.w3.org/2001/XMLSchema-instance" xmlns="urn:iso:std:iso:20022:tech:xsd:pain.001.001.03DB">
	<CstmrCdtTrfInitn>
		<GrpHdr>
			<MsgId>SIMUL230223143433REAGAN1</MsgId>
			<CreDtTm>2023-02-23T14:34:36</CreDtTm>
			<NbOfTxs>2</NbOfTxs>
			<CtrlSum>3.0000</CtrlSum>
			<InitgPty/>
			<DltPrvtData>
				<FlwInd>HOMOLOGATION</FlwInd>
				<DltPrvtDataDtl>
					<PrvtDtInf>ERG</PrvtDtInf>
					<Tp>
						<CdOrPrtry>
							<Cd>CHANNEL</Cd>
						</CdOrPrtry>
					</Tp>
				</DltPrvtDataDtl>
			</DltPrvtData>
		</GrpHdr>
		<PmtInf>
			<PmtInfId>PMT20230223143433REAGAN1</PmtInfId>
			<PmtMtd>TRF</PmtMtd>
			<BtchBookg>0</BtchBookg>
			<NbOfTxs>2</NbOfTxs>
			<CtrlSum>3.0000</CtrlSum>
			<DltPrvtData>
				<OrdrPrties>
					<Tp>IMM</Tp>
					<Md>CREATE</Md>
				</OrdrPrties>
			</DltPrvtData>
			<ReqdExctnDt>2023-02-22</ReqdExctnDt>
			<Dbtr>
				<Nm>REAGAN 1</Nm>
			</Dbtr>
			<DbtrAcct>
				<Id>
					<Othr>
						<Id>00179810602</Id>
						<SchmeNm>
							<Prtry>BKCOM_ACCOUNT</Prtry>
						</SchmeNm>
					</Othr>
				</Id>
				<Ccy>USD</Ccy>
			</DbtrAcct>
			<DbtrAgt>
				<FinInstnId>
					<Nm>BANQUE RAWBANK MOANDA</Nm>
					<Othr>
						<Id>05100</Id>
						<SchmeNm>
							<Prtry>ITF_DELTAMOP_IDETAB</Prtry>
						</SchmeNm>
					</Othr>
				</FinInstnId>
				<BrnchId>
					<Id>05101</Id>
					<Nm>Agence</Nm>
				</BrnchId>
			</DbtrAgt>
			<CdtTrfTxInf>
				<PmtId>
					<InstrId>230223143436000000000000001</InstrId>
					<EndToEndId>ETE00000000000000120230223143433</EndToEndId>
				</PmtId>
				<PmtTpInf>
					<InstrPrty>NORM</InstrPrty>
					<SvcLvl>
						<Prtry>INTERNAL</Prtry>
					</SvcLvl>
				</PmtTpInf>
				<Amt>
					<InstdAmt Ccy="USD">2.0000</InstdAmt>
				</Amt>
				<CdtrAgt>
					<FinInstnId>
						<Nm>BANQUE RAWBANK MOANDA</Nm>
						<Othr>
							<Id>05100</Id>
							<SchmeNm>
								<Prtry>ITF_DELTAMOP_IDETAB</Prtry>
							</SchmeNm>
						</Othr>
					</FinInstnId>
					<BrnchId>
						<Id>05101</Id>
						<Nm>Agence</Nm>
					</BrnchId>
				</CdtrAgt>
				<Cdtr>
					<Nm>RIS1</Nm>
				</Cdtr>
				<CdtrAcct>
					<Id>
						<Othr>
							<Id>00120115502</Id>
							<SchmeNm>
								<Prtry>BKCOM_ACCOUNT</Prtry>
							</SchmeNm>
						</Othr>
					</Id>
					<Ccy>USD</Ccy>
				</CdtrAcct>
				<RmtInf>
					<Ustrd>MOTIF 1</Ustrd>
				</RmtInf>
			</CdtTrfTxInf>
			<CdtTrfTxInf>
				<PmtId>
					<InstrId>230223143436000000000000002</InstrId>
					<EndToEndId>ETE00000000000000220230223143433</EndToEndId>
				</PmtId>
				<PmtTpInf>
					<InstrPrty>NORM</InstrPrty>
					<SvcLvl>
						<Prtry>INTERNAL</Prtry>
					</SvcLvl>
				</PmtTpInf>
				<Amt>
					<InstdAmt Ccy="USD">1.0000</InstdAmt>
				</Amt>
				<CdtrAgt>
					<FinInstnId>
						<Nm>BANQUE RAWBANK MOANDA</Nm>
						<Othr>
							<Id>05100</Id>
							<SchmeNm>
								<Prtry>ITF_DELTAMOP_IDETAB</Prtry>
							</SchmeNm>
						</Othr>
					</FinInstnId>
					<BrnchId>
						<Id>05101</Id>
						<Nm>Agence</Nm>
					</BrnchId>
				</CdtrAgt>
				<Cdtr>
					<Nm>BENEF 2</Nm>
				</Cdtr>
				<CdtrAcct>
					<Id>
						<Othr>
							<Id>00101814502</Id>
							<SchmeNm>
								<Prtry>BKCOM_ACCOUNT</Prtry>
							</SchmeNm>
						</Othr>
					</Id>
					<Ccy>USD</Ccy>
				</CdtrAcct>
				<RmtInf>
					<Ustrd>INVOICE1-INVOICE15</Ustrd>
				</RmtInf>
			</CdtTrfTxInf>
		</PmtInf>
	</CstmrCdtTrfInitn>
</Document>