<?xml version="1.0" encoding="utf-8"?><Document xmlns="urn:iso:std:iso:20022:tech:xsd:pain.001.001.03DB" xmlns:xsi="http://www.w3.org/2001/XMLSchema-instance"><CstmrCdtTrfInitn><GrpHdr><MsgId>FRN-AP0000000248</MsgId><CreDtTm>2022-10-20T07:36:27</CreDtTm><NbOfTxs>1</NbOfTxs><CtrlSum>113192.80</CtrlSum><InitgPty><Nm>Frontier SA</Nm></InitgPty><DltPrvtData><FlwInd>PROD</FlwInd><DltPrvtDataDtl><PrvtDtInf>FRONTIER</PrvtDtInf><Tp><CdOrPrtry><Cd>CHANNEL</Cd></CdOrPrtry></Tp></DltPrvtDataDtl></DltPrvtData></GrpHdr><PmtInf><PmtInfId>FRN-AP0000000248-1</PmtInfId><PmtMtd>TRF</PmtMtd><BtchBookg>0</BtchBookg><NbOfTxs>1</NbOfTxs><DltPrvtData><OrdrPrties><Tp>IMM</Tp><Md>CREATE</Md></OrdrPrties></DltPrvtData><PmtTpInf><SvcLvl><Prtry>INTERNAL</Prtry></SvcLvl></PmtTpInf><ReqdExctnDt>2022-10-20</ReqdExctnDt><Dbtr><Nm>Frontier Sprl</Nm><PstlAdr><StrtNm>238, Route Likasi, c/annexe,</StrtNm><TwnNm>Lubumbashi</TwnNm><Ctry>CD</Ctry></PstlAdr></Dbtr><DbtrAcct><Id><Othr><Id>01011341601</Id><SchmeNm><Prtry>BKCOM_ACCOUNT</Prtry></SchmeNm></Othr></Id><Ccy>USD</Ccy></DbtrAcct><DbtrAgt><FinInstnId><BIC>RAWBCDKIXXX</BIC><PstlAdr><Ctry>CD</Ctry></PstlAdr><Othr><Id>05100</Id></Othr></FinInstnId><BrnchId><Id>05130</Id></BrnchId></DbtrAgt><CdtTrfTxInf><PmtId><InstrId>00000249</InstrId><EndToEndId>00000249</EndToEndId></PmtId><Amt><InstdAmt Ccy="USD">113192.80</InstdAmt></Amt><CdtrAgt><FinInstnId><BIC>RAWBCDKIXXX</BIC></FinInstnId><BrnchId><Id>15136</Id></BrnchId></CdtrAgt><Cdtr><Nm>ETS PSAUMES 113</Nm><PstlAdr><StrtNm>45</StrtNm><BldgNb>AV MUTAKWA</BldgNb><PstCd>0000</PstCd><TwnNm>LUBUMBASHI</TwnNm><Ctry>CD</Ctry></PstlAdr></Cdtr><CdtrAcct><Id><Othr><Id>00512554003</Id><SchmeNm><Prtry>BKCOM_ACCOUNT</Prtry></SchmeNm></Othr></Id><Ccy>USD</Ccy></CdtrAcct><RmtInf><Ustrd>1/09/2022</Ustrd></RmtInf></CdtTrfTxInf></PmtInf></CstmrCdtTrfInitn></Document>
