<?xml version="1.0" encoding="utf-8"?><Document xmlns="urn:iso:std:iso:20022:tech:xsd:pain.001.001.03DB" xmlns:xsi="http://www.w3.org/2001/XMLSchema-instance"><CstmrCdtTrfInitn><GrpHdr><MsgId>FRN-AP0000000243</MsgId><CreDtTm>2022-10-19T13:54:55</CreDtTm><NbOfTxs>1</NbOfTxs><CtrlSum>265357.44</CtrlSum><InitgPty><Nm>Frontier SA</Nm></InitgPty><DltPrvtData><FlwInd>PROD</FlwInd><DltPrvtDataDtl><PrvtDtInf>FRONTIER</PrvtDtInf><Tp><CdOrPrtry><Cd>CHANNEL</Cd></CdOrPrtry></Tp></DltPrvtDataDtl></DltPrvtData></GrpHdr><PmtInf><PmtInfId>FRN-AP0000000243-1</PmtInfId><PmtMtd>TRF</PmtMtd><BtchBookg>0</BtchBookg><NbOfTxs>1</NbOfTxs><DltPrvtData><OrdrPrties><Tp>IMM</Tp><Md>CREATE</Md></OrdrPrties></DltPrvtData><PmtTpInf><SvcLvl><Prtry>INTERNAL</Prtry></SvcLvl></PmtTpInf><ReqdExctnDt>2022-10-19</ReqdExctnDt><Dbtr><Nm>Frontier Sprl</Nm><PstlAdr><StrtNm>238, Route Likasi, c/annexe,</StrtNm><TwnNm>Lubumbashi</TwnNm><Ctry>CD</Ctry></PstlAdr></Dbtr><DbtrAcct><Id><Othr><Id>01011341601</Id><SchmeNm><Prtry>BKCOM_ACCOUNT</Prtry></SchmeNm></Othr></Id><Ccy>USD</Ccy></DbtrAcct><DbtrAgt><FinInstnId><BIC>RAWBCDKIXXX</BIC><PstlAdr><Ctry>CD</Ctry></PstlAdr><Othr><Id>05100</Id></Othr></FinInstnId><BrnchId><Id>05130</Id></BrnchId></DbtrAgt><CdtTrfTxInf><PmtId><InstrId>00000244</InstrId><EndToEndId>00000244</EndToEndId></PmtId><Amt><InstdAmt Ccy="USD">265357.44</InstdAmt></Amt><CdtrAgt><FinInstnId><BIC>RAWBCDKIXXX</BIC></FinInstnId><BrnchId><Id>05130</Id></BrnchId></CdtrAgt><Cdtr><Nm>PROXIMITY BUSINESS EXPERTISE S</Nm><PstlAdr><StrtNm>T/A PROXIBEX SARL</StrtNm><BldgNb>3108 AVENUE POLY</BldgNb><PstCd>0000</PstCd><TwnNm>LUBUMBASHI</TwnNm><Ctry>CD</Ctry></PstlAdr></Cdtr><CdtrAcct><Id><Othr><Id>01004342401</Id><SchmeNm><Prtry>BKCOM_ACCOUNT</Prtry></SchmeNm></Othr></Id><Ccy>USD</Ccy></CdtrAcct><RmtInf><Ustrd>004/FA/0722, 005/FA/0822, 0145</Ustrd></RmtInf></CdtTrfTxInf></PmtInf></CstmrCdtTrfInitn></Document>
