<?xml version="1.0" encoding="utf-8"?><Document xmlns="urn:iso:std:iso:20022:tech:xsd:pain.001.001.03DB" xmlns:xsi="http://www.w3.org/2001/XMLSchema-instance"><CstmrCdtTrfInitn><GrpHdr><MsgId>NGN-AP0000000005</MsgId><CreDtTm>2022-08-10T08:21:40</CreDtTm><NbOfTxs>1</NbOfTxs><CtrlSum>9603.64</CtrlSum><InitgPty><Nm>NGONDO MINING Sarl</Nm></InitgPty><DltPrvtData><FlwInd>HOMOLOGATION</FlwInd><DltPrvtDataDtl><PrvtDtInf>NGONDO</PrvtDtInf><Tp><CdOrPrtry><Cd>CHANNEL</Cd></CdOrPrtry></Tp></DltPrvtDataDtl></DltPrvtData></GrpHdr><PmtInf><PmtInfId>NGN-AP0000000005-1</PmtInfId><PmtMtd>TRF</PmtMtd><BtchBookg>0</BtchBookg><NbOfTxs>1</NbOfTxs><DltPrvtData><OrdrPrties><Tp>IMM</Tp><Md>CREATE</Md></OrdrPrties></DltPrvtData><PmtTpInf><SvcLvl><Prtry>INTERNAL</Prtry></SvcLvl></PmtTpInf><ReqdExctnDt>2022-08-10</ReqdExctnDt><Dbtr><Nm>Ngondo</Nm><PstlAdr><StrtNm>LUBUMBASHI</StrtNm><TwnNm>LUBUMBASHI</TwnNm><Ctry>CD</Ctry></PstlAdr></Dbtr><DbtrAcct><Id><Othr><Id>01050893501</Id><SchmeNm><Prtry>BKCOM_ACCOUNT</Prtry></SchmeNm></Othr></Id><Ccy>USD</Ccy></DbtrAcct><DbtrAgt><FinInstnId><BIC>RAWBCDKIXXX</BIC><PstlAdr><Ctry>CD</Ctry></PstlAdr><Othr><Id>05100</Id></Othr></FinInstnId><BrnchId><Id>55130</Id></BrnchId></DbtrAgt><CdtTrfTxInf><PmtId><InstrId>00000006</InstrId><EndToEndId>00000006</EndToEndId></PmtId><Amt><InstdAmt Ccy="USD">9603.64</InstdAmt></Amt><CdtrAgt><FinInstnId><BIC>RAWBCDKIXXX</BIC></FinInstnId><BrnchId><Id>05101</Id></BrnchId></CdtrAgt><Cdtr><Nm>PRICEWATERHOUSECOOPERS</Nm><PstlAdr><StrtNm>GUICHET RAWBANK</StrtNm><BldgNb>5 EME NIVEAU BLG</BldgNb><PstCd>0000</PstCd><TwnNm>GOMBE</TwnNm><Ctry>CD</Ctry></PstlAdr></Cdtr><CdtrAcct><Id><Othr><Id>01000137002</Id><SchmeNm><Prtry>BKCOM_ACCOUNT</Prtry></SchmeNm></Othr></Id><Ccy>USD</Ccy></CdtrAcct></CdtTrfTxInf></PmtInf></CstmrCdtTrfInitn></Document>
