<?xml version="1.0" encoding="utf-8"?>
<Document xmlns="urn:iso:std:iso:20022:tech:xsd:pain.001.001.03DB"
    xmlns:xsi="http://www.w3.org/2001/XMLSchema-instance">
    <CstmrCdtTrfInitn>
        <GrpHdr>
            <MsgId>100000000015</MsgId>
            <CreDtTm>2023-08-16T15:16:17</CreDtTm>
            <NbOfTxs>1</NbOfTxs>
            <CtrlSum>10000.00</CtrlSum>
            <InitgPty>
                <Nm>CMOC KISANFU MINING SARL</Nm>
            </InitgPty>
            <DltPrvtData>
                <FlwInd>PROD</FlwInd>
                <DltPrvtDataDtl>
                    <PrvtDtInf>VODACOM</PrvtDtInf>
                    <Tp>
                        <CdOrPrtry>
                            <Cd>CHANNEL</Cd>
                        </CdOrPrtry>
                    </Tp>
                </DltPrvtDataDtl>
            </DltPrvtData>
        </GrpHdr>
        <PmtInf>
            <PmtInfId>1000406314</PmtInfId>
            <PmtMtd>TRF</PmtMtd>
            <BtchBookg>0</BtchBookg>
            <NbOfTxs>1</NbOfTxs>
            <CtrlSum>10000.00</CtrlSum>
            <DltPrvtData>
                <OrdrPrties>
                    <Tp>IMM</Tp>
                    <Md>CREATE</Md>
                </OrdrPrties>
            </DltPrvtData>
            <PmtTpInf>
                <InstrPrty>NORM</InstrPrty>
                <SvcLvl>
                    <Prtry>SWIFT_SINGLE</Prtry>
                </SvcLvl>
            </PmtTpInf>
            <ReqdExctnDt>2023-08-16</ReqdExctnDt>
            <Dbtr>
                <Nm>CMOC KISANFU MINING SARL</Nm>
                <CtryOfRes>CD</CtryOfRes>
            </Dbtr>
            <DbtrAcct>
                <Id>
                    <Othr>
                        <Id>01078841701</Id>
                        <SchmeNm>
                            <Prtry>BKCOM_ACCOUNT</Prtry>
                        </SchmeNm>
                    </Othr>
                </Id>
                <Ccy>USD</Ccy>
            </DbtrAcct>
            <DbtrAgt>
                <FinInstnId>
                    <BIC>RAWBCDKI</BIC>
                    <Othr>
                        <Id>05100</Id>
                    </Othr>
                </FinInstnId>
                <BrnchId>
                    <Id>05137</Id>
                </BrnchId>
            </DbtrAgt>
            <CdtTrfTxInf>
                <PmtId>
                    <InstrId>100000131534</InstrId>
                    <EndToEndId>100000000015001</EndToEndId>
                </PmtId>
                <Amt>
                    <InstdAmt Ccy="USD">10000.00</InstdAmt>
                </Amt>
                <CdtrAgt>
                    <FinInstnId>
                        <BIC>TRMSCD3L</BIC>
                        <Nm>TMB</Nm>
                        <Othr>
                            <Id>00017</Id>
                        </Othr>
                    </FinInstnId>
                    <BrnchId>
                        <Id>25000</Id>
                    </BrnchId>
                </CdtrAgt>
                <Cdtr>
                    <Nm>KAYOMB TSHIJIK SARL</Nm>
                    <PstlAdr>
                        <TwnNm>LUBUMBASHI</TwnNm>
                        <Ctry>CD</Ctry>
                        <AdrLine>Kinshasa</AdrLine>
                    </PstlAdr>
                </Cdtr>
                <CdtrAcct>
                    <Id>
                        <Othr>
                            <Id>00017250000041374000189</Id>
                            <SchmeNm>
                                <Prtry>RIB_RDC</Prtry>
                            </SchmeNm>
                        </Othr>
                    </Id>
                    <Ccy>USD</Ccy>
                </CdtrAcct>
                <RmtInf>
                    <Ustrd>formation technique</Ustrd>
                </RmtInf>
            </CdtTrfTxInf>
        </PmtInf>
    </CstmrCdtTrfInitn>
</Document> 