<?xml version='1.0' encoding='UTF-8'?>
<Document xmlns:xsi="http://www.w3.org/2001/XMLSchema-instance" xmlns="urn:iso:std:iso:20022:tech:xsd:pain.001.001.03DB">
  <CstmrCdtTrfInitn>
    <GrpHdr>
      <MsgId>PFODEFE092022000000632121721048440</MsgId>
      <CreDtTm>2023-07-31T17:21:04</CreDtTm>
      <NbOfTxs>5</NbOfTxs>
      <CtrlSum>6095000.00</CtrlSum>
      <InitgPty>
        <Nm>VODACOM</Nm>
      </InitgPty>
      <DltPrvtData>
        <FlwInd>HOMOLOGATION</FlwInd>
        <DltPrvtDataDtl>
          <PrvtDtInf>VODACOM</PrvtDtInf>
          <Tp>
            <CdOrPrtry>
              <Cd>CHANNEL</Cd>
            </CdOrPrtry>
          </Tp>
        </DltPrvtDataDtl>
      </DltPrvtData>
    </GrpHdr>
    <PmtInf>
      <PmtInfId>PMTDEFE092022000000632121721048440</PmtInfId>
      <PmtMtd>TRF</PmtMtd>
      <BtchBookg>0</BtchBookg>
      <NbOfTxs>5</NbOfTxs>
      <CtrlSum>6095000.00</CtrlSum>
      <DltPrvtData>
        <OrdrPrties>
          <Tp>IMM</Tp>
          <Md>CREATE</Md>
        </OrdrPrties>
      </DltPrvtData>
      <PmtTpInf>
        <InstrPrty>NORM</InstrPrty>
        <SvcLvl>
          <Prtry>INTERNAL</Prtry>
        </SvcLvl>
      </PmtTpInf>
      <ReqdExctnDt>1901-01-01</ReqdExctnDt>
      <Dbtr>
        <Nm>MARSAVCO SARL / CDF</Nm>
        <CtryOfRes>CD</CtryOfRes>
      </Dbtr>
      <DbtrAcct>
        <Id>
          <Othr>
            <Id>01000000201</Id>
            <SchmeNm>
              <Prtry>BKCOM_ACCOUNT</Prtry>
            </SchmeNm>
          </Othr>
        </Id>
        <Ccy>CDF</Ccy>
      </DbtrAcct>
      <DbtrAgt>
        <FinInstnId>
          <BIC>RAWBCDKI</BIC>
          <Othr>
            <Id>05100</Id>
            <SchmeNm>
              <Prtry>ITF_DELTAMOP_IDETAB</Prtry>
            </SchmeNm>
          </Othr>
        </FinInstnId>
        <BrnchId>
          <Id>05101</Id>
        </BrnchId>
      </DbtrAgt>
      <CdtTrfTxInf>
        <PmtId>
          <InstrId>INSDEFE092022000004232121721046501</InstrId>
          <EndToEndId>ETEDEFE092022000004232121721046501</EndToEndId>
        </PmtId>
        <Amt>
          <InstdAmt Ccy="CDF">1079500.00</InstdAmt>
        </Amt>
        <CdtrAgt>
          <FinInstnId>
            <BIC>RAWBCDKI</BIC>
            <Othr>
              <Id>05100</Id>
            </Othr>
          </FinInstnId>
          <BrnchId>
            <Id>05101</Id>
          </BrnchId>
        </CdtrAgt>
        <Cdtr>
          <Nm>LENGA DJONGO MICHEL</Nm>
        </Cdtr>
        <CdtrAcct>
          <Id>
            <Othr>
              <Id>00100502101</Id>
              <SchmeNm>
                <Prtry>BKCOM_ACCOUNT</Prtry>
              </SchmeNm>
            </Othr>
          </Id>
          <Ccy>CDF</Ccy>
        </CdtrAcct>
        <RmtInf>
          <Ustrd>PAIE-092022</Ustrd>
        </RmtInf>
      </CdtTrfTxInf>
      <CdtTrfTxInf>
        <PmtId>
          <InstrId>INSDEFE092022000004332121721054066</InstrId>
          <EndToEndId>ETEDEFE092022000004332121721054066</EndToEndId>
        </PmtId>
        <Amt>
          <InstdAmt Ccy="CDF">1079500.00</InstdAmt>
        </Amt>
        <CdtrAgt>
          <FinInstnId>
            <BIC>RAWBCDKI</BIC>
            <Othr>
              <Id>05100</Id>
            </Othr>
          </FinInstnId>
          <BrnchId>
            <Id>05101</Id>
          </BrnchId>
        </CdtrAgt>
        <Cdtr>
          <Nm>IAN REGIS RODRIGUES</Nm>
        </Cdtr>
        <CdtrAcct>
          <Id>
            <Othr>
              <Id>00100520601</Id>
              <SchmeNm>
                <Prtry>BKCOM_ACCOUNT</Prtry>
              </SchmeNm>
            </Othr>
          </Id>
          <Ccy>CDF</Ccy>
        </CdtrAcct>
        <RmtInf>
          <Ustrd>PAIE-092022</Ustrd>
        </RmtInf>
      </CdtTrfTxInf>
      <CdtTrfTxInf>
        <PmtId>
          <InstrId>INSDEFE092022000004432121721058259</InstrId>
          <EndToEndId>ETEDEFE092022000004432121721058259</EndToEndId>
        </PmtId>
        <Amt>
          <InstdAmt Ccy="CDF">1428250.00</InstdAmt>
        </Amt>
        <CdtrAgt>
          <FinInstnId>
            <BIC>RAWBCDKI</BIC>
            <Othr>
              <Id>05100</Id>
            </Othr>
          </FinInstnId>
          <BrnchId>
            <Id>05130</Id>
          </BrnchId>
        </CdtrAgt>
        <Cdtr>
          <Nm>EDOUARD MWEMA</Nm>
        </Cdtr>
        <CdtrAcct>
          <Id>
            <Othr>
              <Id>00102206102</Id>
              <SchmeNm>
                <Prtry>BKCOM_ACCOUNT</Prtry>
              </SchmeNm>
            </Othr>
          </Id>
          <Ccy>CDF</Ccy>
        </CdtrAcct>
        <RmtInf>
          <Ustrd>PAIE-092022</Ustrd>
        </RmtInf>
      </CdtTrfTxInf>
      <CdtTrfTxInf>
        <PmtId>
          <InstrId>INSDEFE092022000004532121721052464</InstrId>
          <EndToEndId>ETEDEFE092022000004532121721052464</EndToEndId>
        </PmtId>
        <Amt>
          <InstdAmt Ccy="CDF">1079500.00</InstdAmt>
        </Amt>
        <CdtrAgt>
          <FinInstnId>
            <BIC>RAWBCDKI</BIC>
            <Othr>
              <Id>05100</Id>
            </Othr>
          </FinInstnId>
          <BrnchId>
            <Id>05121</Id>
          </BrnchId>
        </CdtrAgt>
        <Cdtr>
          <Nm>MUTU PEKE MOHAMED RAFIKI CDF</Nm>
        </Cdtr>
        <CdtrAcct>
          <Id>
            <Othr>
              <Id>00100579501</Id>
              <SchmeNm>
                <Prtry>BKCOM_ACCOUNT</Prtry>
              </SchmeNm>
            </Othr>
          </Id>
          <Ccy>CDF</Ccy>
        </CdtrAcct>
        <RmtInf>
          <Ustrd>PAIE-092022</Ustrd>
        </RmtInf>
      </CdtTrfTxInf>
      <CdtTrfTxInf>
        <PmtId>
          <InstrId>INSDEFE092022000004632121721050884</InstrId>
          <EndToEndId>ETEDEFE092022000004632121721050884</EndToEndId>
        </PmtId>
        <Amt>
          <InstdAmt Ccy="CDF">1428250.00</InstdAmt>
        </Amt>
        <CdtrAgt>
          <FinInstnId>
            <BIC>RAWBCDKI</BIC>
            <Othr>
              <Id>05100</Id>
            </Othr>
          </FinInstnId>
          <BrnchId>
            <Id>05101</Id>
          </BrnchId>
        </CdtrAgt>
        <Cdtr>
          <Nm>MASSAMBA NENKULA ELIE</Nm>
        </Cdtr>
        <CdtrAcct>
          <Id>
            <Othr>
              <Id>00100573301</Id>
              <SchmeNm>
                <Prtry>BKCOM_ACCOUNT</Prtry>
              </SchmeNm>
            </Othr>
          </Id>
          <Ccy>CDF</Ccy>
        </CdtrAcct>
        <RmtInf>
          <Ustrd>PAIE-092022</Ustrd>
        </RmtInf>
      </CdtTrfTxInf>
    </PmtInf>
  </CstmrCdtTrfInitn>
</Document>
