<?xml version='1.0' encoding='UTF-8'?>
<Document xmlns:xsi="http://www.w3.org/2001/XMLSchema-instance" xmlns="urn:iso:std:iso:20022:tech:xsd:pain.001.001.03DB">
  <CstmrCdtTrfInitn>
    <GrpHdr>
      <MsgId>PFODEFE092022000000632081700178069</MsgId>
      <CreDtTm>2023-07-27T17:00:17</CreDtTm>
      <NbOfTxs>7</NbOfTxs>
      <CtrlSum>8254000.00</CtrlSum>
      <InitgPty>
        <Nm>VODACOM</Nm>
      </InitgPty>
      <DltPrvtData>
        <FlwInd>HOMOLOGATION</FlwInd>
        <DltPrvtDataDtl>
          <PrvtDtInf>VODACOM</PrvtDtInf>
          <Tp>
            <CdOrPrtry>
              <Cd>CHANNEL</Cd>
            </CdOrPrtry>
          </Tp>
        </DltPrvtDataDtl>
      </DltPrvtData>
    </GrpHdr>
    <PmtInf>
      <PmtInfId>PMTDEFE092022000000632081700178069</PmtInfId>
      <PmtMtd>TRF</PmtMtd>
      <BtchBookg>0</BtchBookg>
      <NbOfTxs>7</NbOfTxs>
      <CtrlSum>8254000.00</CtrlSum>
      <DltPrvtData>
        <OrdrPrties>
          <Tp>IMM</Tp>
          <Md>CREATE</Md>
        </OrdrPrties>
      </DltPrvtData>
      <PmtTpInf>
        <InstrPrty>NORM</InstrPrty>
        <SvcLvl>
          <Prtry>INTERNAL</Prtry>
        </SvcLvl>
      </PmtTpInf>
      <ReqdExctnDt>1901-01-01</ReqdExctnDt>
      <Dbtr>
        <Nm>MARSAVCO SARL / CDF</Nm>
        <CtryOfRes>CD</CtryOfRes>
      </Dbtr>
      <DbtrAcct>
        <Id>
          <Othr>
            <Id>01000000201</Id>
            <SchmeNm>
              <Prtry>BKCOM_ACCOUNT</Prtry>
            </SchmeNm>
          </Othr>
        </Id>
        <Ccy>CDF</Ccy>
      </DbtrAcct>
      <DbtrAgt>
        <FinInstnId>
          <BIC>RAWBCDKI</BIC>
          <Othr>
            <Id>05100</Id>
            <SchmeNm>
              <Prtry>ITF_DELTAMOP_IDETAB</Prtry>
            </SchmeNm>
          </Othr>
        </FinInstnId>
        <BrnchId>
          <Id>05101</Id>
        </BrnchId>
      </DbtrAgt>
      <CdtTrfTxInf>
        <PmtId>
          <InstrId>INSDEFE092022000004132081700174243</InstrId>
          <EndToEndId>ETEDEFE092022000004132081700174243</EndToEndId>
        </PmtId>
        <Amt>
          <InstdAmt Ccy="CDF">1079500.00</InstdAmt>
        </Amt>
        <CdtrAgt>
          <FinInstnId>
            <BIC>RAWBCDKI</BIC>
            <Othr>
              <Id>05100</Id>
            </Othr>
          </FinInstnId>
          <BrnchId>
            <Id>05101</Id>
          </BrnchId>
        </CdtrAgt>
        <Cdtr>
          <Nm>NGANDU MWANZA INNOCENT</Nm>
        </Cdtr>
        <CdtrAcct>
          <Id>
            <Othr>
              <Id>00100003301</Id>
              <SchmeNm>
                <Prtry>BKCOM_ACCOUNT</Prtry>
              </SchmeNm>
            </Othr>
          </Id>
          <Ccy>CDF</Ccy>
        </CdtrAcct>
        <RmtInf>
          <Ustrd>PAIE-092022</Ustrd>
        </RmtInf>
      </CdtTrfTxInf>
      <CdtTrfTxInf>
        <PmtId>
          <InstrId>INSDEFE092022000004232081700172108</InstrId>
          <EndToEndId>ETEDEFE092022000004232081700172108</EndToEndId>
        </PmtId>
        <Amt>
          <InstdAmt Ccy="CDF">1079500.00</InstdAmt>
        </Amt>
        <CdtrAgt>
          <FinInstnId>
            <BIC>RAWBCDKI</BIC>
            <Othr>
              <Id>05100</Id>
            </Othr>
          </FinInstnId>
          <BrnchId>
            <Id>05101</Id>
          </BrnchId>
        </CdtrAgt>
        <Cdtr>
          <Nm>ILUNGA KISHI KABI JEAN JOB</Nm>
        </Cdtr>
        <CdtrAcct>
          <Id>
            <Othr>
              <Id>00100004301</Id>
              <SchmeNm>
                <Prtry>BKCOM_ACCOUNT</Prtry>
              </SchmeNm>
            </Othr>
          </Id>
          <Ccy>CDF</Ccy>
        </CdtrAcct>
        <RmtInf>
          <Ustrd>PAIE-092022</Ustrd>
        </RmtInf>
      </CdtTrfTxInf>
      <CdtTrfTxInf>
        <PmtId>
          <InstrId>INSDEFE092022000004332081700177133</InstrId>
          <EndToEndId>ETEDEFE092022000004332081700177133</EndToEndId>
        </PmtId>
        <Amt>
          <InstdAmt Ccy="CDF">1079500.00</InstdAmt>
        </Amt>
        <CdtrAgt>
          <FinInstnId>
            <BIC>RAWBCDKI</BIC>
            <Othr>
              <Id>05100</Id>
            </Othr>
          </FinInstnId>
          <BrnchId>
            <Id>05101</Id>
          </BrnchId>
        </CdtrAgt>
        <Cdtr>
          <Nm>MAITRE BAMUANGAYI KALUKUIMBI</Nm>
        </Cdtr>
        <CdtrAcct>
          <Id>
            <Othr>
              <Id>00100038401</Id>
              <SchmeNm>
                <Prtry>BKCOM_ACCOUNT</Prtry>
              </SchmeNm>
            </Othr>
          </Id>
          <Ccy>CDF</Ccy>
        </CdtrAcct>
        <RmtInf>
          <Ustrd>PAIE-092022</Ustrd>
        </RmtInf>
      </CdtTrfTxInf>
      <CdtTrfTxInf>
        <PmtId>
          <InstrId>INSDEFE092022000004432081700178369</InstrId>
          <EndToEndId>ETEDEFE092022000004432081700178369</EndToEndId>
        </PmtId>
        <Amt>
          <InstdAmt Ccy="CDF">1428250.00</InstdAmt>
        </Amt>
        <CdtrAgt>
          <FinInstnId>
            <BIC>RAWBCDKI</BIC>
            <Othr>
              <Id>05100</Id>
            </Othr>
          </FinInstnId>
          <BrnchId>
            <Id>05101</Id>
          </BrnchId>
        </CdtrAgt>
        <Cdtr>
          <Nm>CHAGROVET SPRL</Nm>
        </Cdtr>
        <CdtrAcct>
          <Id>
            <Othr>
              <Id>01000038501</Id>
              <SchmeNm>
                <Prtry>BKCOM_ACCOUNT</Prtry>
              </SchmeNm>
            </Othr>
          </Id>
          <Ccy>CDF</Ccy>
        </CdtrAcct>
        <RmtInf>
          <Ustrd>PAIE-092022</Ustrd>
        </RmtInf>
      </CdtTrfTxInf>
      <CdtTrfTxInf>
        <PmtId>
          <InstrId>INSDEFE092022000004532081700173706</InstrId>
          <EndToEndId>ETEDEFE092022000004532081700173706</EndToEndId>
        </PmtId>
        <Amt>
          <InstdAmt Ccy="CDF">1079500.00</InstdAmt>
        </Amt>
        <CdtrAgt>
          <FinInstnId>
            <BIC>RAWBCDKI</BIC>
            <Othr>
              <Id>05100</Id>
            </Othr>
          </FinInstnId>
          <BrnchId>
            <Id>05101</Id>
          </BrnchId>
        </CdtrAgt>
        <Cdtr>
          <Nm>BATENDE RUHANDA LEONARD</Nm>
        </Cdtr>
        <CdtrAcct>
          <Id>
            <Othr>
              <Id>00100052901</Id>
              <SchmeNm>
                <Prtry>BKCOM_ACCOUNT</Prtry>
              </SchmeNm>
            </Othr>
          </Id>
          <Ccy>CDF</Ccy>
        </CdtrAcct>
        <RmtInf>
          <Ustrd>PAIE-092022</Ustrd>
        </RmtInf>
      </CdtTrfTxInf>
      <CdtTrfTxInf>
        <PmtId>
          <InstrId>INSDEFE092022000004632081700178468</InstrId>
          <EndToEndId>ETEDEFE092022000004632081700178468</EndToEndId>
        </PmtId>
        <Amt>
          <InstdAmt Ccy="CDF">1428250.00</InstdAmt>
        </Amt>
        <CdtrAgt>
          <FinInstnId>
            <BIC>RAWBCDKI</BIC>
            <Othr>
              <Id>05100</Id>
            </Othr>
          </FinInstnId>
          <BrnchId>
            <Id>05101</Id>
          </BrnchId>
        </CdtrAgt>
        <Cdtr>
          <Nm>KABONGO KABEYA LEON</Nm>
        </Cdtr>
        <CdtrAcct>
          <Id>
            <Othr>
              <Id>00100065701</Id>
              <SchmeNm>
                <Prtry>BKCOM_ACCOUNT</Prtry>
              </SchmeNm>
            </Othr>
          </Id>
          <Ccy>CDF</Ccy>
        </CdtrAcct>
        <RmtInf>
          <Ustrd>PAIE-092022</Ustrd>
        </RmtInf>
      </CdtTrfTxInf>
      <CdtTrfTxInf>
        <PmtId>
          <InstrId>INSDEFE092022000005032081700177583</InstrId>
          <EndToEndId>ETEDEFE092022000005032081700177583</EndToEndId>
        </PmtId>
        <Amt>
          <InstdAmt Ccy="CDF">1079500.00</InstdAmt>
        </Amt>
        <CdtrAgt>
          <FinInstnId>
            <BIC>RAWBCDKI</BIC>
            <Othr>
              <Id>05100</Id>
            </Othr>
          </FinInstnId>
          <BrnchId>
            <Id>95101</Id>
          </BrnchId>
        </CdtrAgt>
        <Cdtr>
          <Nm>NGANGA MPESIA P/C KUNDO KWANGE</Nm>
        </Cdtr>
        <CdtrAcct>
          <Id>
            <Othr>
              <Id>00101358702</Id>
              <SchmeNm>
                <Prtry>BKCOM_ACCOUNT</Prtry>
              </SchmeNm>
            </Othr>
          </Id>
          <Ccy>CDF</Ccy>
        </CdtrAcct>
        <RmtInf>
          <Ustrd>PAIE-092022</Ustrd>
        </RmtInf>
      </CdtTrfTxInf>
    </PmtInf>
  </CstmrCdtTrfInitn>
</Document>
