<?xml version='1.0' encoding='UTF-8'?>
<Document xmlns:xsi="http://www.w3.org/2001/XMLSchema-instance" xmlns="urn:iso:std:iso:20022:tech:xsd:pain.001.001.03DB">
  <CstmrCdtTrfInitn>
    <GrpHdr>
      <MsgId>PFODEFE092022000000532081700111460</MsgId>
      <CreDtTm>2023-07-27T17:00:12</CreDtTm>
      <NbOfTxs>14</NbOfTxs>
      <CtrlSum>24215500.00</CtrlSum>
      <InitgPty>
        <Nm>VODACOM</Nm>
      </InitgPty>
      <DltPrvtData>
        <FlwInd>HOMOLOGATION</FlwInd>
        <DltPrvtDataDtl>
          <PrvtDtInf>VODACOM</PrvtDtInf>
          <Tp>
            <CdOrPrtry>
              <Cd>CHANNEL</Cd>
            </CdOrPrtry>
          </Tp>
        </DltPrvtDataDtl>
      </DltPrvtData>
    </GrpHdr>
    <PmtInf>
      <PmtInfId>PMTDEFE092022000000532081700111460</PmtInfId>
      <PmtMtd>TRF</PmtMtd>
      <BtchBookg>0</BtchBookg>
      <NbOfTxs>14</NbOfTxs>
      <CtrlSum>24215500.00</CtrlSum>
      <DltPrvtData>
        <OrdrPrties>
          <Tp>IMM</Tp>
          <Md>CREATE</Md>
        </OrdrPrties>
      </DltPrvtData>
      <PmtTpInf>
        <InstrPrty>NORM</InstrPrty>
        <SvcLvl>
          <Prtry>INTERNAL</Prtry>
        </SvcLvl>
      </PmtTpInf>
      <ReqdExctnDt>1901-01-01</ReqdExctnDt>
      <Dbtr>
        <Nm>MARSAVCO SARL / CDF</Nm>
        <CtryOfRes>CD</CtryOfRes>
      </Dbtr>
      <DbtrAcct>
        <Id>
          <Othr>
            <Id>01000000201</Id>
            <SchmeNm>
              <Prtry>BKCOM_ACCOUNT</Prtry>
            </SchmeNm>
          </Othr>
        </Id>
        <Ccy>CDF</Ccy>
      </DbtrAcct>
      <DbtrAgt>
        <FinInstnId>
          <BIC>RAWBCDKI</BIC>
          <Othr>
            <Id>05100</Id>
            <SchmeNm>
              <Prtry>ITF_DELTAMOP_IDETAB</Prtry>
            </SchmeNm>
          </Othr>
        </FinInstnId>
        <BrnchId>
          <Id>05101</Id>
        </BrnchId>
      </DbtrAgt>
      <CdtTrfTxInf>
        <PmtId>
          <InstrId>INSDEFE092022000000132081700120493</InstrId>
          <EndToEndId>ETEDEFE092022000000132081700120493</EndToEndId>
        </PmtId>
        <Amt>
          <InstdAmt Ccy="CDF">2483250.00</InstdAmt>
        </Amt>
        <CdtrAgt>
          <FinInstnId>
            <BIC>RAWBCDKI</BIC>
            <Othr>
              <Id>05100</Id>
            </Othr>
          </FinInstnId>
          <BrnchId>
            <Id>55101</Id>
          </BrnchId>
        </CdtrAgt>
        <Cdtr>
          <Nm>MAVUA  MUDIMA V/C CDF</Nm>
        </Cdtr>
        <CdtrAcct>
          <Id>
            <Othr>
              <Id>00107552101</Id>
              <SchmeNm>
                <Prtry>BKCOM_ACCOUNT</Prtry>
              </SchmeNm>
            </Othr>
          </Id>
          <Ccy>CDF</Ccy>
        </CdtrAcct>
        <RmtInf>
          <Ustrd>PAIE-092022</Ustrd>
        </RmtInf>
      </CdtTrfTxInf>
      <CdtTrfTxInf>
        <PmtId>
          <InstrId>INSDEFE092022000000232081700122843</InstrId>
          <EndToEndId>ETEDEFE092022000000232081700122843</EndToEndId>
        </PmtId>
        <Amt>
          <InstdAmt Ccy="CDF">1777000.00</InstdAmt>
        </Amt>
        <CdtrAgt>
          <FinInstnId>
            <BIC>RAWBCDKI</BIC>
            <Othr>
              <Id>05100</Id>
            </Othr>
          </FinInstnId>
          <BrnchId>
            <Id>05124</Id>
          </BrnchId>
        </CdtrAgt>
        <Cdtr>
          <Nm>YCHALIGONZA JACQUES V/C CDF</Nm>
        </Cdtr>
        <CdtrAcct>
          <Id>
            <Othr>
              <Id>00105157202</Id>
              <SchmeNm>
                <Prtry>BKCOM_ACCOUNT</Prtry>
              </SchmeNm>
            </Othr>
          </Id>
          <Ccy>CDF</Ccy>
        </CdtrAcct>
        <RmtInf>
          <Ustrd>PAIE-092022</Ustrd>
        </RmtInf>
      </CdtTrfTxInf>
      <CdtTrfTxInf>
        <PmtId>
          <InstrId>INSDEFE092022000000332081700121054</InstrId>
          <EndToEndId>ETEDEFE092022000000332081700121054</EndToEndId>
        </PmtId>
        <Amt>
          <InstdAmt Ccy="CDF">1428250.00</InstdAmt>
        </Amt>
        <CdtrAgt>
          <FinInstnId>
            <BIC>RAWBCDKI</BIC>
            <Othr>
              <Id>05100</Id>
            </Othr>
          </FinInstnId>
          <BrnchId>
            <Id>05101</Id>
          </BrnchId>
        </CdtrAgt>
        <Cdtr>
          <Nm>MVINDU PANZU VERONIQUE</Nm>
        </Cdtr>
        <CdtrAcct>
          <Id>
            <Othr>
              <Id>00100004702</Id>
              <SchmeNm>
                <Prtry>BKCOM_ACCOUNT</Prtry>
              </SchmeNm>
            </Othr>
          </Id>
          <Ccy>CDF</Ccy>
        </CdtrAcct>
        <RmtInf>
          <Ustrd>PAIE-092022</Ustrd>
        </RmtInf>
      </CdtTrfTxInf>
      <CdtTrfTxInf>
        <PmtId>
          <InstrId>INSDEFE092022000000432081700123332</InstrId>
          <EndToEndId>ETEDEFE092022000000432081700123332</EndToEndId>
        </PmtId>
        <Amt>
          <InstdAmt Ccy="CDF">1428250.00</InstdAmt>
        </Amt>
        <CdtrAgt>
          <FinInstnId>
            <BIC>RAWBCDKI</BIC>
            <Othr>
              <Id>05100</Id>
            </Othr>
          </FinInstnId>
          <BrnchId>
            <Id>05101</Id>
          </BrnchId>
        </CdtrAgt>
        <Cdtr>
          <Nm>MAZENGO ELUMBA GISELE</Nm>
        </Cdtr>
        <CdtrAcct>
          <Id>
            <Othr>
              <Id>00100003801</Id>
              <SchmeNm>
                <Prtry>BKCOM_ACCOUNT</Prtry>
              </SchmeNm>
            </Othr>
          </Id>
          <Ccy>CDF</Ccy>
        </CdtrAcct>
        <RmtInf>
          <Ustrd>PAIE-092022</Ustrd>
        </RmtInf>
      </CdtTrfTxInf>
      <CdtTrfTxInf>
        <PmtId>
          <InstrId>INSDEFE092022000000532081700124663</InstrId>
          <EndToEndId>ETEDEFE092022000000532081700124663</EndToEndId>
        </PmtId>
        <Amt>
          <InstdAmt Ccy="CDF">1428250.00</InstdAmt>
        </Amt>
        <CdtrAgt>
          <FinInstnId>
            <BIC>RAWBCDKI</BIC>
            <Othr>
              <Id>05100</Id>
            </Othr>
          </FinInstnId>
          <BrnchId>
            <Id>05101</Id>
          </BrnchId>
        </CdtrAgt>
        <Cdtr>
          <Nm>MAWETE MASU LEON .</Nm>
        </Cdtr>
        <CdtrAcct>
          <Id>
            <Othr>
              <Id>00100005301</Id>
              <SchmeNm>
                <Prtry>BKCOM_ACCOUNT</Prtry>
              </SchmeNm>
            </Othr>
          </Id>
          <Ccy>CDF</Ccy>
        </CdtrAcct>
        <RmtInf>
          <Ustrd>PAIE-092022</Ustrd>
        </RmtInf>
      </CdtTrfTxInf>
      <CdtTrfTxInf>
        <PmtId>
          <InstrId>INSDEFE092022000000632081700132798</InstrId>
          <EndToEndId>ETEDEFE092022000000632081700132798</EndToEndId>
        </PmtId>
        <Amt>
          <InstdAmt Ccy="CDF">1428250.00</InstdAmt>
        </Amt>
        <CdtrAgt>
          <FinInstnId>
            <BIC>RAWBCDKI</BIC>
            <Othr>
              <Id>05100</Id>
            </Othr>
          </FinInstnId>
          <BrnchId>
            <Id>05101</Id>
          </BrnchId>
        </CdtrAgt>
        <Cdtr>
          <Nm>MALONDA YOBA MAURICE</Nm>
        </Cdtr>
        <CdtrAcct>
          <Id>
            <Othr>
              <Id>00100005801</Id>
              <SchmeNm>
                <Prtry>BKCOM_ACCOUNT</Prtry>
              </SchmeNm>
            </Othr>
          </Id>
          <Ccy>CDF</Ccy>
        </CdtrAcct>
        <RmtInf>
          <Ustrd>PAIE-092022</Ustrd>
        </RmtInf>
      </CdtTrfTxInf>
      <CdtTrfTxInf>
        <PmtId>
          <InstrId>INSDEFE092022000000732081700136922</InstrId>
          <EndToEndId>ETEDEFE092022000000732081700136922</EndToEndId>
        </PmtId>
        <Amt>
          <InstdAmt Ccy="CDF">1428250.00</InstdAmt>
        </Amt>
        <CdtrAgt>
          <FinInstnId>
            <BIC>RAWBCDKI</BIC>
            <Othr>
              <Id>05100</Id>
            </Othr>
          </FinInstnId>
          <BrnchId>
            <Id>05101</Id>
          </BrnchId>
        </CdtrAgt>
        <Cdtr>
          <Nm>MANGWELE MAMBONGO BERNADETTE</Nm>
        </Cdtr>
        <CdtrAcct>
          <Id>
            <Othr>
              <Id>00100005701</Id>
              <SchmeNm>
                <Prtry>BKCOM_ACCOUNT</Prtry>
              </SchmeNm>
            </Othr>
          </Id>
          <Ccy>CDF</Ccy>
        </CdtrAcct>
        <RmtInf>
          <Ustrd>PAIE-092022</Ustrd>
        </RmtInf>
      </CdtTrfTxInf>
      <CdtTrfTxInf>
        <PmtId>
          <InstrId>INSDEFE092022000000832081700139611</InstrId>
          <EndToEndId>ETEDEFE092022000000832081700139611</EndToEndId>
        </PmtId>
        <Amt>
          <InstdAmt Ccy="CDF">1428250.00</InstdAmt>
        </Amt>
        <CdtrAgt>
          <FinInstnId>
            <BIC>RAWBCDKI</BIC>
            <Othr>
              <Id>05100</Id>
            </Othr>
          </FinInstnId>
          <BrnchId>
            <Id>05101</Id>
          </BrnchId>
        </CdtrAgt>
        <Cdtr>
          <Nm>MANGWELE MAMBONGO BERNADETTE</Nm>
        </Cdtr>
        <CdtrAcct>
          <Id>
            <Othr>
              <Id>00100005701</Id>
              <SchmeNm>
                <Prtry>BKCOM_ACCOUNT</Prtry>
              </SchmeNm>
            </Othr>
          </Id>
          <Ccy>CDF</Ccy>
        </CdtrAcct>
        <RmtInf>
          <Ustrd>PAIE-092022</Ustrd>
        </RmtInf>
      </CdtTrfTxInf>
      <CdtTrfTxInf>
        <PmtId>
          <InstrId>INSDEFE092022000000932081700134358</InstrId>
          <EndToEndId>ETEDEFE092022000000932081700134358</EndToEndId>
        </PmtId>
        <Amt>
          <InstdAmt Ccy="CDF">2483250.00</InstdAmt>
        </Amt>
        <CdtrAgt>
          <FinInstnId>
            <BIC>RAWBCDKI</BIC>
            <Othr>
              <Id>05100</Id>
            </Othr>
          </FinInstnId>
          <BrnchId>
            <Id>05101</Id>
          </BrnchId>
        </CdtrAgt>
        <Cdtr>
          <Nm>MATENDA KYELU ATHANASE</Nm>
        </Cdtr>
        <CdtrAcct>
          <Id>
            <Othr>
              <Id>00100064601</Id>
              <SchmeNm>
                <Prtry>BKCOM_ACCOUNT</Prtry>
              </SchmeNm>
            </Othr>
          </Id>
          <Ccy>CDF</Ccy>
        </CdtrAcct>
        <RmtInf>
          <Ustrd>PAIE-092022</Ustrd>
        </RmtInf>
      </CdtTrfTxInf>
      <CdtTrfTxInf>
        <PmtId>
          <InstrId>INSDEFE092022000001032081700159039</InstrId>
          <EndToEndId>ETEDEFE092022000001032081700159039</EndToEndId>
        </PmtId>
        <Amt>
          <InstdAmt Ccy="CDF">2483250.00</InstdAmt>
        </Amt>
        <CdtrAgt>
          <FinInstnId>
            <BIC>RAWBCDKI</BIC>
            <Othr>
              <Id>05100</Id>
            </Othr>
          </FinInstnId>
          <BrnchId>
            <Id>05101</Id>
          </BrnchId>
        </CdtrAgt>
        <Cdtr>
          <Nm>MBUYU LUYONGOLA JEAN</Nm>
        </Cdtr>
        <CdtrAcct>
          <Id>
            <Othr>
              <Id>00100064701</Id>
              <SchmeNm>
                <Prtry>BKCOM_ACCOUNT</Prtry>
              </SchmeNm>
            </Othr>
          </Id>
          <Ccy>CDF</Ccy>
        </CdtrAcct>
        <RmtInf>
          <Ustrd>PAIE-092022</Ustrd>
        </RmtInf>
      </CdtTrfTxInf>
      <CdtTrfTxInf>
        <PmtId>
          <InstrId>INSDEFE092022000001132081700157849</InstrId>
          <EndToEndId>ETEDEFE092022000001132081700157849</EndToEndId>
        </PmtId>
        <Amt>
          <InstdAmt Ccy="CDF">2483250.00</InstdAmt>
        </Amt>
        <CdtrAgt>
          <FinInstnId>
            <BIC>RAWBCDKI</BIC>
            <Othr>
              <Id>05100</Id>
            </Othr>
          </FinInstnId>
          <BrnchId>
            <Id>05101</Id>
          </BrnchId>
        </CdtrAgt>
        <Cdtr>
          <Nm>LUNTADILA NZUZI BELINDA</Nm>
        </Cdtr>
        <CdtrAcct>
          <Id>
            <Othr>
              <Id>00100064801</Id>
              <SchmeNm>
                <Prtry>BKCOM_ACCOUNT</Prtry>
              </SchmeNm>
            </Othr>
          </Id>
          <Ccy>CDF</Ccy>
        </CdtrAcct>
        <RmtInf>
          <Ustrd>PAIE-092022</Ustrd>
        </RmtInf>
      </CdtTrfTxInf>
      <CdtTrfTxInf>
        <PmtId>
          <InstrId>INSDEFE092022000001432081700161194</InstrId>
          <EndToEndId>ETEDEFE092022000001432081700161194</EndToEndId>
        </PmtId>
        <Amt>
          <InstdAmt Ccy="CDF">1079500.00</InstdAmt>
        </Amt>
        <CdtrAgt>
          <FinInstnId>
            <BIC>RAWBCDKI</BIC>
            <Othr>
              <Id>05100</Id>
            </Othr>
          </FinInstnId>
          <BrnchId>
            <Id>45101</Id>
          </BrnchId>
        </CdtrAgt>
        <Cdtr>
          <Nm>MUKUNTO KIYANA TIM V/C CDF</Nm>
        </Cdtr>
        <CdtrAcct>
          <Id>
            <Othr>
              <Id>00100291304</Id>
              <SchmeNm>
                <Prtry>BKCOM_ACCOUNT</Prtry>
              </SchmeNm>
            </Othr>
          </Id>
          <Ccy>CDF</Ccy>
        </CdtrAcct>
        <RmtInf>
          <Ustrd>PAIE-092022</Ustrd>
        </RmtInf>
      </CdtTrfTxInf>
      <CdtTrfTxInf>
        <PmtId>
          <InstrId>INSDEFE092022000001932081700167079</InstrId>
          <EndToEndId>ETEDEFE092022000001932081700167079</EndToEndId>
        </PmtId>
        <Amt>
          <InstdAmt Ccy="CDF">1428250.00</InstdAmt>
        </Amt>
        <CdtrAgt>
          <FinInstnId>
            <BIC>RAWBCDKI</BIC>
            <Othr>
              <Id>05100</Id>
            </Othr>
          </FinInstnId>
          <BrnchId>
            <Id>95101</Id>
          </BrnchId>
        </CdtrAgt>
        <Cdtr>
          <Nm>SHULUNGU NEMBESO JACQUES NOEL</Nm>
        </Cdtr>
        <CdtrAcct>
          <Id>
            <Othr>
              <Id>00100577305</Id>
              <SchmeNm>
                <Prtry>BKCOM_ACCOUNT</Prtry>
              </SchmeNm>
            </Othr>
          </Id>
          <Ccy>CDF</Ccy>
        </CdtrAcct>
        <RmtInf>
          <Ustrd>PAIE-092022</Ustrd>
        </RmtInf>
      </CdtTrfTxInf>
      <CdtTrfTxInf>
        <PmtId>
          <InstrId>INSDEFE092022000002232081700167962</InstrId>
          <EndToEndId>ETEDEFE092022000002232081700167962</EndToEndId>
        </PmtId>
        <Amt>
          <InstdAmt Ccy="CDF">1428250.00</InstdAmt>
        </Amt>
        <CdtrAgt>
          <FinInstnId>
            <BIC>RAWBCDKI</BIC>
            <Othr>
              <Id>05100</Id>
            </Othr>
          </FinInstnId>
          <BrnchId>
            <Id>95101</Id>
          </BrnchId>
        </CdtrAgt>
        <Cdtr>
          <Nm>ILEBA PANZU ISMAEL</Nm>
        </Cdtr>
        <CdtrAcct>
          <Id>
            <Othr>
              <Id>00105910501</Id>
              <SchmeNm>
                <Prtry>BKCOM_ACCOUNT</Prtry>
              </SchmeNm>
            </Othr>
          </Id>
          <Ccy>CDF</Ccy>
        </CdtrAcct>
        <RmtInf>
          <Ustrd>PAIE-092022</Ustrd>
        </RmtInf>
      </CdtTrfTxInf>
    </PmtInf>
  </CstmrCdtTrfInitn>
</Document>
